@ONLINE{gates-foundation-grant,
author = {Department of English},
title = {RCL Team Awarded \$50K Bill \& Melinda Gates Foundation Grant for MOOC ``Writing II: Rhetorical Composition.''},
month = jan,
year = {2013},
url = {http://go.osu.edu/english}
}

@article{shihdiscovery,
  title={Discovery of Student Strategies using Hidden Markov Model Clustering},
  year={2010},
  journal={International Conference on Educational Data Mining},
  author={Shih, Benjamin and Koedinger, Kenneth R and Scheines, Richard}
}

@article{romero2010educational,
  title={Educational data mining: a review of the state of the art},
  author={Romero, Crist{\'o}bal and Ventura, Sebasti{\'a}n},
  journal={Systems, Man, and Cybernetics, Part C: Applications and Reviews, IEEE Transactions on},
  volume={40},
  number={6},
  pages={601--618},
  year={2010},
  publisher={IEEE}
}

@book{albert1999knowledge,
  title={Knowledge spaces: Theories, empirical research, and applications},
  author={Albert, Dietrich and Lukas, Josef},
  year={1999},
  publisher={Psychology Press}
}

@ONLINE{itunesu,
author={Jim Fowler and Bart Snapp},
title={Calculus One},
month=Jun,
year=2013,
url={https://itunes.apple.com/us/course/calculus-one/id660718824}
}

@ONLINE{khan-academy,
author={Khan Academy},
title={Khan Academy Exercises},
month=Aug,
year=2013,
url={https://github.com/Khan/khan-exercises}
}

@ONLINE{ghmm,
author={Alexander Schliep and Ivan G. Costa and Benjamin Georgi and Christoph Hafemeister and Alexander Sch{\"o}nhuth and Md Pavel Mahmud},
title={The General Hidden Markov Model library},
month=Aug,
year=2013,
url={http://ghmm.org}
}

@ONLINE{tin-can-api,
author = {Rustici Software},
title = {What is the Tin Can API?},
month = aug,
year = {2013},
url = {http://tincanapi.com/overview/}
}

@ONLINE{steve-gubkin,
author = {Steven Gubkin},
title = {MOOCulus Exercises},
month = aug,
year = {2013},
url = {https://github.com/ASCTech/mooculus/tree/master/public/khan-exercises/exercises}
}

@ONLINE{edm-2014,
author = {Institute of Education},
title = {The 7th International Conference on Educational Data Mining},
url = {http://www.educationaldatamining.org/EDM2014/}
}

@article{RomeroZaldivar20121058,
title = "Monitoring student progress using virtual appliances: A case study ",
journal = "Computers \& Education ",
volume = "58",
number = "4",
pages = "1058 - 1067",
year = "2012",
note = "",
issn = "0360-1315",
doi = "http://dx.doi.org/10.1016/j.compedu.2011.12.003",
url = "http://www.sciencedirect.com/science/article/pii/S0360131511003198",
author = "Vicente-Arturo Romero-Zaldivar and Abelardo Pardo and Daniel Burgos and Carlos Delgado Kloos",
keywords = "Educational data mining",
keywords = "Learning analytics",
keywords = "Virtual appliances",
keywords = "Educational systems",
keywords = "Predictive systems "
}

@article{morris2013moocs,
  title={MOOCs, Emerging Technologies, and Quality},
  author={Morris, Libby V},
  journal={Innovative Higher Education},
  pages={1--2},
  year={2013},
  publisher={Springer}
}

@article{parry2012big,
  title={Big Data on Campus},
  author={Parry, Marc},
  journal={The New York Times},
  pages={1--9},
  year={2012}
}

@report{balakrishnan2013predicting,
  title={Predicting Student Retention in Massive Open Online Courses using Hidden Markov Models},
  author={Balakrishnan, Girish and Coetzee, Derrick},
number={UCB/EECS--2013--109},
INSTITUTION={Electrical Engineering and Computer Sciences, University of California at Berkeley},
MONTH={May},
YEAR={2013},
url={http://www.eecs.berkeley.edu/Pubs/TechRpts/2013/EECS-2013-109.pdf}
}

@article{anari2012intelligent,
  title={Intelligent E-Learning Systems Using Student Behavior Prediction},
  author={Anari, Morteza Saberi and Anari, Maryam Saberi},
  year={2012},
journal={Basic. Appl. Sci. Res},
pages={12017--12023},
volume=2,
number=12
}




@article {MR0202264,
    AUTHOR = {Baum, Leonard E. and Petrie, Ted},
     TITLE = {Statistical inference for probabilistic functions of finite
              state {M}arkov chains},
   JOURNAL = {Ann. Math. Statist.},
  FJOURNAL = {Annals of Mathematical Statistics},
    VOLUME = {37},
      YEAR = {1966},
     PAGES = {1554--1563},
      ISSN = {0003-4851},
   MRCLASS = {62.85},
  MRNUMBER = {0202264 (34 \#2137)},
MRREVIEWER = {K. Dietz},
}
		
@book {MR0123419,
    AUTHOR = {Billingsley, Patrick},
     TITLE = {Statistical inference for {M}arkov processes},
 PUBLISHER = {Statistical Research Monographs, Vol. II. The University of
              Chicago Press, Chicago, Ill.},
      YEAR = {1961},
     PAGES = {vii+75},
   MRCLASS = {62.85},
  MRNUMBER = {0123419 (23 \#A746)},
MRREVIEWER = {U. Grenander},
}

@inproceedings{khan2013automatic,
  title={Automatic Arabic pronunciation scoring for computer aided language learning},
  author={Khan, Ahmad and Fauzi, Ali and Mourad, Oudelha and Mannan, Amirul Mohamad Khairi Bin and Dahan, Hassan Basri Awang Mat and Abushariah, Mohammad AM},
  booktitle={Communications, Signal Processing, and their Applications (ICCSPA), 2013 1st International Conference on},
  pages={1--6},
  year={2013},
  organization={IEEE}
}


@article{Zafra201115020,
title = "Multiple instance learning for classifying students in learning management systems ",
journal = "Expert Systems with Applications ",
volume = "38",
number = "12",
pages = "15020 - 15031",
year = "2011",
note = "",
issn = "0957-4174",
doi = "http://dx.doi.org/10.1016/j.eswa.2011.05.044",
url = "http://www.sciencedirect.com/science/article/pii/S0957417411008281",
author = "Amelia Zafra and Crist{\'o}bal Romero and Sebasti{\'a}n Ventura",
keywords = "Educational data mining",
keywords = "Multiple instance learning",
keywords = "Traditional supervised learning "
}

@article{predict-grades,
year={2012},
issn={0269-2821},
journal={Artificial Intelligence Review},
volume={37},
number={4},
doi={10.1007/s10462-011-9234-x},
title={Use of machine learning techniques for educational proposes: a decision support system for forecasting students' grades},
url={http://dx.doi.org/10.1007/s10462-011-9234-x},
publisher={Springer Netherlands},
keywords={Machine learning; Educational data mining; Decision support tools},
author={Kotsiantis, S.B.},
pages={331-344},
language={English}
}

@inproceedings{java-data-mining,
  added-at = {2011-09-19T00:00:00.000+0200},
  author = {Perez, Rafael Pedraza and Romero, Crist{\'o}bal and Ventura, Sebasti{\'a}n},
  biburl = {http://www.bibsonomy.org/bibtex/204febaab04eb433e33d5e6b692cefea4/dblp},
  booktitle = {EDM},
  crossref = {conf/edm/2011},
  editor = {Pechenizkiy, Mykola and Calders, Toon and Conati, Cristina and Ventura, Sebasti{\'a}n and Romero, Crist{\'o}bal and Stamper, John C.},
  ee = {http://educationaldatamining.org/EDM2011/wp-content/uploads/proc/edm2011_poster3_Pedraza-Perez.pdf},
  interhash = {99cf2471f56500b3f43c915c22cb6b80},
  intrahash = {04febaab04eb433e33d5e6b692cefea4},
  isbn = {978-90-386-2537-9},
  keywords = {dblp},
  pages = {319-320},
  publisher = {www.educationaldatamining.org},
  timestamp = {2011-09-19T00:00:00.000+0200},
  title = {A Java Desktop Tool for Mining Moodle Data.},
  url = {http://dblp.uni-trier.de/db/conf/edm/edm2011.html#PerezRV11},
  year = 2011
}

@article {WIDM:WIDM1075,
author = {Romero, Crist{\'o}bal and Ventura, Sebastian},
title = {Data mining in education},
journal = {Wiley Interdisciplinary Reviews: Data Mining and Knowledge Discovery},
volume = {3},
number = {1},
publisher = {John Wiley & Sons, Inc.},
issn = {1942-4795},
url = {http://dx.doi.org/10.1002/widm.1075},
doi = {10.1002/widm.1075},
pages = {12--27},
year = {2013},
}

@article{hagerty2005using,
  title={Using the Web-Based Interactive Software ALEKS to Enhance College Algebra.},
  author={Hagerty, Gary and Smith, S},
  journal={Mathematics and Computer Education},
  volume={39},
  number={3},
  pages={183--194},
  year={2005},
  publisher={ERIC}
}


@article{miller-tech-enhanced-calculus,
  title={Technology-Enhanced Calculus Lectures},
  author={Miller, Elizabeth},
  journal={Academic Exchange Quarterly},
  volume={15},
  number={4},
  pages={47},
  year={2011},
  publisher={Chattanooga State Technical Community College}
}

@article{bressoud-sky-falling,
  title={Is the Sky Still Falling?},
  author={Bressoud, David},
  journal={Notices of the AMS},
  volume={56},
  pages={20--25},
  year={2009}
}

@book{dber-report,
  title={Discipline-Based Education Research: Understanding and Improving Learning in Undergraduate Science and Engineering},
  author={Singer, Susan R and Nielsen, Natalie R and Schweingruber, Heidi A and others},
  year={2012},
  publisher={National Academies Press}
}

@article{calculus-students,
author = {Bressoud, David M. and Carlson, Marilyn P. and Mesa, Vilma and Rasmussen, Chris},
title = {The calculus student: insights from the Mathematical Association of America national study},
journal = {International Journal of Mathematical Education in Science and Technology},
volume = {44},
number = {5},
pages = {685-698},
year = {2013},
doi = {10.1080/0020739X.2013.798874},

URL = {http://www.tandfonline.com/doi/abs/10.1080/0020739X.2013.798874},
eprint = {http://www.tandfonline.com/doi/pdf/10.1080/0020739X.2013.798874}
}


@report{calculus-programs,
author={Bressoud, D. and Carlson, Marilyn and Pearson, Pearson and Rasmussen, Chris},
title={Preliminary Results of the Study of Characteristics of Successful Program in College Calculus},
INSTITUTION={12th International Congress on Mathematics Education},
MONTH={July},
YEAR={2012},
url={http://www.maa.org/cspcc/TSG13_Bressoud.pdf}
}

@article {henderson-change,
author = {Henderson, Charles and Beach, Andrea and Finkelstein, Noah},
title = {Facilitating change in undergraduate {STEM} instructional practices: An analytic review of the literature},
journal = {Journal of Research in Science Teaching},
volume = {48},
number = {8},
publisher = {Wiley Subscription Services, Inc., A Wiley Company},
issn = {1098-2736},
url = {http://dx.doi.org/10.1002/tea.20439},
doi = {10.1002/tea.20439},
pages = {952--984},
keywords = {teacher change, science education, higher education, pedagogy, professional development},
year = {2011},
}

@article{evans,
  title={MOOCulus for Calculus Fun: An Interview with Tom Evans},
  author={Jessica Knott},
  journal={ETC Journal: a journal for educational technology and change.},
  volume={July},
  year={2013},
}

@book{bowen2013higher,
  title={Higher education in the digital age},
  author={Bowen, William G},
  year={2013},
  publisher={Princeton University Press}
}

@article{angus2009does,
  title={Does regular online testing enhance student learning in the numerical sciences? Robust evidence from a large data set},
  author={Angus, Simon D and Watson, Judith},
  journal={British Journal of Educational Technology},
  volume={40},
  number={2},
  pages={255--272},
  year={2009},
  publisher={Wiley Online Library}
}
@inproceedings{boyer2013student,
  title={Student Interaction with Online Multimedia Learning Modules as an Early Warning System for Poor Course Performance},
  author={Boyer, Jeffrey and Christensen, Warren},
  booktitle={World Conference on Educational Multimedia, Hypermedia and Telecommunications},
  volume={2013},
  number={1},
  pages={1848--1852},
  year={2013}
}
